<record><leader>00000cas a22000007a 4500</leader><controlfield tag="001">11423914</controlfield><controlfield tag="008">841127d18821882wiuir ne      0    0eng d</controlfield><datafield ind1=" " ind2=" " tag="010"><subfield code="a">sn 84025595 </subfield></datafield><datafield ind1=" " ind2=" " tag="040"><subfield code="a">NPV</subfield><subfield code="b">eng</subfield><subfield code="c">NPV</subfield><subfield code="d">OCLCQ</subfield></datafield><datafield ind1=" " ind2=" " tag="042"><subfield code="a">msc</subfield></datafield><datafield ind1="0" ind2=" " tag="130"><subfield code="a">Data (Green Bay, Wis. : 1882)</subfield></datafield><datafield ind1="1" ind2="4" tag="245"><subfield code="a">The data.</subfield></datafield><datafield ind1=" " ind2=" " tag="260"><subfield code="a">Green Bay, Wis. :</subfield><subfield code="b">J.H. Nevins</subfield></datafield><datafield ind1=" " ind2=" " tag="300"><subfield code="a">1 v.</subfield></datafield><datafield ind1=" " ind2=" " tag="310"><subfield code="a">Triweekly</subfield></datafield><datafield ind1="1" ind2=" " tag="362"><subfield code="a">Began with Dec. 19, 1882 issue .</subfield><subfield code="z">Cf. Daily data, Dec. 9, 1882.</subfield></datafield><datafield ind1="1" ind2=" " tag="362"><subfield code="a">Ceased with Dec. 21 or 23, 1882 issue.</subfield></datafield><datafield ind1=" " ind2=" " tag="588"><subfield code="a">Description based on: Vol. 1, no. 300 (Dec. 21, 1882).</subfield></datafield><datafield ind1=" " ind2=" " tag="752"><subfield code="a">United States</subfield><subfield code="b">Wisconsin</subfield><subfield code="c">Brown</subfield><subfield code="d">Green Bay.</subfield></datafield><datafield ind1="0" ind2="0" tag="780"><subfield code="t">Daily data</subfield><subfield code="w">(DLC)sn 84025594</subfield></datafield><datafield ind1="0" ind2="0" tag="785"><subfield code="t">Green Bay data</subfield><subfield code="w">(DLC)sn 84025596</subfield></datafield></record>